<record><leader>00000cas a22000007a 4500</leader><controlfield tag="001">15212573</controlfield><controlfield tag="008">870219c19869999txuwn ne      0   a0eng d</controlfield><datafield ind1=" " ind2=" " tag="010"><subfield code="a">sn 86089043 </subfield></datafield><datafield ind1=" " ind2=" " tag="040"><subfield code="a">PPM</subfield><subfield code="b">eng</subfield><subfield code="c">PPM</subfield><subfield code="d">NSD</subfield><subfield code="d">OCLCQ</subfield></datafield><datafield ind1=" " ind2=" " tag="012"><subfield code="k">1</subfield><subfield code="m">1</subfield></datafield><datafield ind1="1" ind2=" " tag="022"><subfield code="a">0897-4322</subfield><subfield code="l">0897-4322</subfield><subfield code="2">1</subfield></datafield><datafield ind1=" " ind2=" " tag="032"><subfield code="a">333700</subfield><subfield code="b">USPS</subfield></datafield><datafield ind1=" " ind2=" " tag="037"><subfield code="b">Motley Co. Tribune, PO Box 490, Matador, TX 79244-0490</subfield></datafield><datafield ind1=" " ind2=" " tag="042"><subfield code="a">msc</subfield><subfield code="a">nsdp</subfield></datafield><datafield ind1=" " ind2="0" tag="222"><subfield code="a">Motley Co. tribune</subfield></datafield><datafield ind1="0" ind2="0" tag="245"><subfield code="a">Motley Co. tribune.</subfield></datafield><datafield ind1="3" ind2="0" tag="246"><subfield code="a">Motley County tribune</subfield></datafield><datafield ind1=" " ind2=" " tag="260"><subfield code="a">Matador, Tex. :</subfield><subfield code="b">Barbara B. Jameson,</subfield><subfield code="c">1986-</subfield></datafield><datafield ind1=" " ind2=" " tag="300"><subfield code="a">v.</subfield></datafield><datafield ind1=" " ind2=" " tag="310"><subfield code="a">Weekly except Christmas week,</subfield><subfield code="b">&lt;Nov. 29, 1990-&gt;</subfield></datafield><datafield ind1=" " ind2=" " tag="321"><subfield code="a">Weekly,</subfield><subfield code="b">1986-</subfield></datafield><datafield ind1="0" ind2=" " tag="362"><subfield code="a">Vol. 90, no. 6 (Feb. 6, 1986)-</subfield></datafield><datafield ind1=" " ind2=" " tag="588"><subfield code="a">Latest issue consulted: 97th year, issue no. 48 (Thursday, Nov. 29, 1990).</subfield></datafield><datafield ind1=" " ind2=" " tag="752"><subfield code="a">United States</subfield><subfield code="b">Texas</subfield><subfield code="c">Motley</subfield><subfield code="d">Matador.</subfield></datafield><datafield ind1="0" ind2="0" tag="780"><subfield code="t">Matador tribune</subfield><subfield code="w">(DLC)sn 86088808</subfield></datafield></record>